% This file was created with JabRef 2.10.
% Encoding: Cp1252


@Unpublished{cache-algorithm-lru-belady,
  Title                    = {And Page Replacement Algorithms: Anomaly Cases},
  Author                   = {Najeeb A Al-Samarraie},
  Note                     = {Baghdad college of Economics Sciences},
  Year                     = {n.d.},

  Institution              = {Baghdad college of Economics Sciences},
  Owner                    = {Frederik},
  Timestamp                = {2016.03.22},
  Url                      = {http://www.iasj.net/iasj?func=fulltext&aId=50712}
}

@Article{battle2008bridging,
  Title                    = {Bridging the semantic Web and Web 2.0 with representational state transfer (REST)},
  Author                   = {Battle, Robert and Benson, Edward},
  Journal                  = {Web Semantics: Science, Services and Agents on the World Wide Web},
  Year                     = {2008},
  Number                   = {1},
  Pages                    = {61--69},
  Volume                   = {6},

  Publisher                = {Elsevier}
}

@Manual{lru_implementation,
  Title                    = {LRU cache implementation in C++},
  Author                   = {Tim Day},
  Year                     = {2010-2012},

  Owner                    = {Frederik},
  Timestamp                = {2016.03.28},
  Url                      = {http://timday.bitbucket.org/lru.pdf}
}

@Article{locality_principle,
  Title                    = {The locality principle},
  Author                   = {Peter J. Denning},
  Journal                  = {Communications of the ACM},
  Year                     = {2005},

  Month                    = {July},
  Number                   = {7},
  Pages                    = {19-24},
  Volume                   = {48},

  Owner                    = {Frederik},
  Timestamp                = {2016.03.18},
  Url                      = {http://cacm.acm.org/magazines/2005/7/6178/fulltext}
}

@Article{denning1970virtual,
  Title                    = {Virtual memory},
  Author                   = {Denning, Peter J},
  Journal                  = {ACM Computing Surveys (CSUR)},
  Year                     = {1970},
  Number                   = {3},
  Pages                    = {153--189},
  Volume                   = {2},

  Publisher                = {ACM}
}

@TechReport{rfc2616,
  Title                    = {Hypertext Transfer Protocol},
  Author                   = {Roy Fielding},
  Institution              = {W3C},
  Year                     = {1999},
  Month                    = {June},

  Owner                    = {Frederik},
  Timestamp                = {2016.03.06},
  Url                      = {https://www.w3.org/Protocols/rfc2616/rfc2616-sec13.html}
}

@InProceedings{fricker2012versatile,
  Title                    = {A versatile and accurate approximation for LRU cache performance},
  Author                   = {Fricker, Christine and Robert, Philippe and Roberts, James},
  Booktitle                = {Proceedings of the 24th International Teletraffic Congress},
  Year                     = {2012},
  Organization             = {International Teletraffic Congress},
  Pages                    = {8}
}

@Misc{extremetech_multilevelcache,
  Title                    = {How L1 and L2 CPU caches work, and why they're an essential part of modern chips},

  Author                   = {Joel Hruska},
  HowPublished             = {http://www.extremetech.com/extreme/188776-how-l1-and-l2-cpu-caches-work-and-why-theyre-an-essential-part-of-modern-chips},
  Month                    = {February},
  Year                     = {2016},

  Owner                    = {Frederik},
  Timestamp                = {2016.03.06},
  Url                      = {http://www.extremetech.com/extreme/188776-how-l1-and-l2-cpu-caches-work-and-why-theyre-an-essential-part-of-modern-chips}
}

@Article{podlipnig2003survey,
  Title                    = {A survey of web cache replacement strategies},
  Author                   = {Podlipnig, Stefan and B{\"o}sz{\"o}rmenyi, Laszlo},
  Journal                  = {ACM Computing Surveys (CSUR)},
  Year                     = {2003},
  Number                   = {4},
  Pages                    = {374--398},
  Volume                   = {35},

  Publisher                = {ACM}
}

@Article{rao1978performance,
  Title                    = {Performance analysis of cache memories},
  Author                   = {Rao, Gururaj S},
  Journal                  = {Journal of the ACM (JACM)},
  Year                     = {1978},
  Number                   = {3},
  Pages                    = {378--395},
  Volume                   = {25},

  Publisher                = {ACM}
}

@Article{reineke2007timing,
  Title                    = {Timing predictability of cache replacement policies},
  Author                   = {Reineke, Jan and Grund, Daniel and Berg, Christoph and Wilhelm, Reinhard},
  Journal                  = {Real-Time Systems},
  Year                     = {2007},
  Number                   = {2},
  Pages                    = {99--122},
  Volume                   = {37},

  Publisher                = {Springer}
}

@Article{wulf1995hitting,
  Title                    = {Hitting the memory wall: implications of the obvious},
  Author                   = {Wulf, Wm A and McKee, Sally A},
  Journal                  = {ACM SIGARCH computer architecture news},
  Year                     = {1995},
  Number                   = {1},
  Pages                    = {20--24},
  Volume                   = {23},

  Publisher                = {ACM}
}

@article{guan2014wcet,
  title={WCET analysis with MRU cache: challenging LRU for predictability},
  author={Guan, Nan and Lv, Mingsong and Yi, Wang and Yu, Ge},
  journal={ACM Transactions on Embedded Computing Systems (TECS)},
  volume={13},
  number={4s},
  pages={123},
  year={2014},
  publisher={ACM}
}

@Standard{random_replacement,
  Title                    = {An Efficient Simulation Algorithm for Cache of Random Replacement Policy},
  Institution              = {Key Laboratory of Computer System and Architecture, Institute of Computing Technology},
  Organization             = {Chinese Academy of Sciences},
  Author                   = {Shuchang Zhou},
  Url                      = {http://www.springerlink.com/index/L324G2U075540681.pdf},
  Year                     = {2010},

  Owner                    = {Frederik},
  Timestamp                = {2016.03.27}
}

